<record><leader>00000cas a22000007a 4500</leader><controlfield tag="001">14867002</controlfield><controlfield tag="008">861124d18761993inuwr ne      0   a0eng d</controlfield><datafield ind1=" " ind2=" " tag="010"><subfield code="a">sn 86059176 </subfield></datafield><datafield ind1=" " ind2=" " tag="040"><subfield code="a">NPI</subfield><subfield code="b">eng</subfield><subfield code="c">NPI</subfield><subfield code="d">NSD</subfield><subfield code="d">NPI</subfield><subfield code="d">OCLCQ</subfield><subfield code="d">NPI</subfield><subfield code="d">OCLCQ</subfield></datafield><datafield ind1=" " ind2=" " tag="012"><subfield code="m">1</subfield></datafield><datafield ind1="1" ind2=" " tag="022"><subfield code="a">1060-5231</subfield><subfield code="l">1060-5231</subfield><subfield code="2">1</subfield></datafield><datafield ind1=" " ind2=" " tag="032"><subfield code="a">363460</subfield><subfield code="b">USPS</subfield></datafield><datafield ind1=" " ind2=" " tag="042"><subfield code="a">msc</subfield><subfield code="a">nsdp</subfield></datafield><datafield ind1=" " ind2="4" tag="222"><subfield code="a">The Morocco courier</subfield></datafield><datafield ind1="0" ind2="4" tag="245"><subfield code="a">The Morocco courier.</subfield></datafield><datafield ind1=" " ind2=" " tag="260"><subfield code="a">Morocco, Newton County, Ind. :</subfield><subfield code="b">Geo. W. Hastings,</subfield><subfield code="c">-1993.</subfield></datafield><datafield ind1=" " ind2=" " tag="300"><subfield code="a">v. :</subfield><subfield code="b">ill.</subfield></datafield><datafield ind1=" " ind2=" " tag="310"><subfield code="a">Weekly</subfield></datafield><datafield ind1="1" ind2=" " tag="362"><subfield code="a">Began in 1876.</subfield></datafield><datafield ind1="0" ind2=" " tag="362"><subfield code="a">-v. 116, no. 44 (Nov. 2, 1993).</subfield></datafield><datafield ind1=" " ind2=" " tag="500"><subfield code="a">Publisher: William E. Ney, &lt;Tuesday, Nov. 12, 1991-&gt;</subfield></datafield><datafield ind1=" " ind2=" " tag="588"><subfield code="a">Description based on: Vol. 53, no. 1 (Jan. 4, 1929).</subfield></datafield><datafield ind1=" " ind2=" " tag="752"><subfield code="a">United States</subfield><subfield code="b">Indiana</subfield><subfield code="c">Newton</subfield><subfield code="d">Morocco.</subfield></datafield><datafield ind1="0" ind2="5" tag="780"><subfield code="t">Kentland Democrat</subfield><subfield code="w">(DLC)sn 86059199</subfield></datafield><datafield ind1="0" ind2="0" tag="785"><subfield code="t">Courier (Morocco, Ind.)</subfield><subfield code="w">(DLC)sn2001062803</subfield></datafield><datafield ind1="1" ind2=" " tag="029"><subfield code="a">AU@</subfield><subfield code="b">000020431890</subfield></datafield></record>